@book{lee,
    author = "John M. Lee",
    title = "Introduction to Topological Manifolds",
    publisher = "Springer",
    year = "2000",
    isbn = "0-387-95026-5",
    keywords = "topology,manifolds"
}

@book{munkres,
    author = "James R. Munkres",
    title = "Topolog√≠a",
    publisher = "Prentice Hall",
    edition = "2nd",
    year = "2002",
    isbn = "84-205-3180-4",
    spanish = "true"
}
